<record><leader>00000cas a22000007a 4500</leader><controlfield tag="001">7792319</controlfield><controlfield tag="008">810925d18251825mauwr ne      0   a0eng d</controlfield><datafield ind1=" " ind2=" " tag="010"><subfield code="a">sn 85017450 </subfield></datafield><datafield ind1=" " ind2=" " tag="040"><subfield code="a">BTI</subfield><subfield code="b">eng</subfield><subfield code="c">BTI</subfield><subfield code="d">NYG</subfield><subfield code="d">NPA</subfield><subfield code="d">NYG</subfield><subfield code="d">DLC</subfield><subfield code="d">MGN</subfield><subfield code="d">YOX</subfield><subfield code="d">NVK</subfield><subfield code="d">OCL</subfield><subfield code="d">ZCU</subfield><subfield code="d">KRTAS</subfield><subfield code="d">DLC</subfield><subfield code="d">UKMGB</subfield><subfield code="d">OCLCF</subfield><subfield code="d">OCLCO</subfield></datafield><datafield ind1=" " ind2=" " tag="012"><subfield code="l">1</subfield></datafield><datafield ind1="7" ind2=" " tag="016"><subfield code="a">008557275</subfield><subfield code="2">Uk</subfield></datafield><datafield ind1="0" ind2=" " tag="022"><subfield code="a">2157-1066</subfield><subfield code="2">1</subfield></datafield><datafield ind1="1" ind2=" " tag="029"><subfield code="a">AU@</subfield><subfield code="b">000040183203</subfield></datafield><datafield ind1=" " ind2=" " tag="042"><subfield code="a">msc</subfield><subfield code="a">nsdp</subfield></datafield><datafield ind1="0" ind2="0" tag="050"><subfield code="a">BX7101</subfield><subfield code="b">.C79</subfield></datafield><datafield ind1="1" ind2="0" tag="082"><subfield code="a">070</subfield><subfield code="2">14</subfield></datafield><datafield ind1=" " ind2="0" tag="222"><subfield code="a">Recorder &amp; telegraph</subfield></datafield><datafield ind1="0" ind2="0" tag="245"><subfield code="a">Recorder &amp; telegraph.</subfield></datafield><datafield ind1="0" ind2="0" tag="246"><subfield code="a">Recorder and telegraph</subfield></datafield><datafield ind1="1" ind2="7" tag="246"><subfield code="a">Boston recorder and telegraph</subfield></datafield><datafield ind1=" " ind2=" " tag="260"><subfield code="a">Boston, Mass. :</subfield><subfield code="b">N. Willis and G. Hallock,</subfield><subfield code="c">1825.</subfield></datafield><datafield ind1=" " ind2=" " tag="300"><subfield code="a">v. ;</subfield><subfield code="c">53 cm.</subfield></datafield><datafield ind1=" " ind2=" " tag="310"><subfield code="a">Weekly</subfield></datafield><datafield ind1="0" ind2=" " tag="362"><subfield code="a">New ser., vol. 10, no. 1 (Jan. 1, 1825)-new ser., v. 10, no. 53 (Dec. 30, 1825).</subfield></datafield><datafield ind1=" " ind2=" " tag="515"><subfield code="a">Continues the numbering of: Boston recorder (Boston, Mass. : 1817).</subfield></datafield><datafield ind1=" " ind2=" " tag="530"><subfield code="a">Also issued online and on microopaque from Readex Microprint Corp. (Early American newspapers).</subfield></datafield><datafield ind1=" " ind2="0" tag="651"><subfield code="a">Boston (Mass.)</subfield><subfield code="v">Newspapers.</subfield></datafield><datafield ind1=" " ind2="7" tag="655"><subfield code="a">Newspapers.</subfield><subfield code="2">fast</subfield><subfield code="0">(OCoLC)fst01423814</subfield></datafield><datafield ind1=" " ind2="7" tag="651"><subfield code="a">Massachusetts</subfield><subfield code="z">Boston.</subfield><subfield code="2">fast</subfield><subfield code="0">(OCoLC)fst01205012</subfield></datafield><datafield ind1=" " ind2=" " tag="752"><subfield code="a">United States</subfield><subfield code="b">Massachusetts</subfield><subfield code="c">Suffolk</subfield><subfield code="d">Boston.</subfield></datafield><datafield ind1="1" ind2=" " tag="776"><subfield code="t">Recorder &amp; telegraph (Online)</subfield><subfield code="w">(DLC)  2006255005</subfield><subfield code="w">(OCoLC)63193166</subfield></datafield><datafield ind1="1" ind2=" " tag="776"><subfield code="t">Recorder &amp; telegraph</subfield><subfield code="w">(DLC)sf 88091674</subfield><subfield code="w">(OCoLC)7859374</subfield></datafield><datafield ind1="0" ind2="4" tag="780"><subfield code="t">Boston recorder (Boston, Mass. : 1817)</subfield><subfield code="x">2157-1058</subfield><subfield code="w">(DLC)sn 85047620</subfield><subfield code="w">(OCoLC)7792198</subfield></datafield><datafield ind1="0" ind2="4" tag="780"><subfield code="t">Boston telegraph (Boston, Mass. : 1824)</subfield><subfield code="w">(DLC)sn 86077199</subfield></datafield><datafield ind1="0" ind2="0" tag="785"><subfield code="t">Boston recorder and telegraph</subfield><subfield code="x">2157-1090</subfield><subfield code="w">(DLC)sn 86077090</subfield><subfield code="w">(OCoLC)7792807</subfield></datafield><datafield ind1=" " ind2=" " tag="850"><subfield code="a">DLC</subfield></datafield><datafield ind1="4" ind2="1" tag="856"><subfield code="u">http://proquest.umi.com/pqdweb?RQT=318&amp;VName=HNP&amp;pmid=41432</subfield></datafield><datafield ind1=" " ind2=" " tag="938"><subfield code="a">Kirtas Technologies, Inc.</subfield><subfield code="b">KRTS</subfield><subfield code="n">735895</subfield></datafield></record>